@article{HanWong,
author = "Han, Bingyan and Wong, Ying",
title = "Mean-variance portfolio selection under Volterra Heston model",
year = "2019", month = 9
}


@article{neuralnetworks1,
author = "Liu, Shuaiqiang and Oosterlee,Cornelis W.  and Bohte, Sander M.",
title = "Pricing Options and Computing Implied Volatilities using Neural Networks",
year = "2019", month = 1
}





@book{mikosch,
title ="Elementary Stochastic Calculus",
author ="Mikosch,Thomas",
publisher ="World Scientific",
year = "1998"
}



@book{oksendal,
author ="Oksendal,Bernt",
title ="Stochastic Differential Equations",
publisher ="Springer",
year = "2000"
}

@book{num_methods,
author = "Jacquier, Antoine",
title = "Numerical Methods for Finance",
year = "2017",
pages = {113-147}
}


@article{gil_pelaez,
author = "Gil-Pelaez, J.",
title = "Note on the inversion theorem",
publisher = "Biometrika",
year = "1951",
pages = {481-482}
}



@article{CarrMadan,
author = "Carr, Peter and Madan, Dilip",
title = "Option valuation using the fast Fourier transform",
publisher = "Journal of Computational Finance",
pages = {61-73},
year = "1999"
}




@article{optimal_fourier_inversion,
author = "Lord, Roger  and Kahl, Christian ",
title = "Optimal Fourier inversion in semi-analytical option pricing",
year = "2007", month = 5
}


@book{annalisa,
author = "Hairer, Ernst and Wanner, Gerhard",
title = "Introduction à l'Analyse Numérique",
year = "2005"
}

@book{panaretos,
author = "Panaretos, Victor M.",
title = "Statistics for Mathematicians: A Rigorous First Course",
year = "2016", month = 6
}



@article{fang,
author = "Fang, F and Osterlee, K",
title = "A novel pricing method for European options based on Fourier cosine series expansions",
publisher = "SIAM Journal of Scientic Computing",
pages = {826-848},
year = "2008"
}


@book{fft_improve,
author ="Yue Kuen Kwok and Kwai Sun Leung and Hoi Ying Wong",
title = "Efficient Options Pricing Using the Fast Fourier Transform",
pages = {579-605}
}



@article{roger_lee,
author ="Lee, Roger W.",
title ="Option Pricing by Transform Methods: Extensions, Unification, and Error Control.",
pages = {51-86},
publisher = "Journal of Computational Finance",
year = "2004",
month = 2
}


@article{Heston,
author = "Heston, Steven L.",
title = "A Closed-Form Solution for Options with Stochastic Volatility with Applications to Bond and Currency Options",
year = "1993", publisher = "The Review of Financial Studies"
}


@article{ricardo,
author = "Crisóstomo, Ricardo",
title = "An Analysis of the Heston Stochastic Volatility Model:Implementation and Calibration using Matlab",
month = 12,
year = "2014"
}

%15

@book{gatheral,
author = "Gatheral, Jim",
title = "The Volatility Surface: A Practitioner's Guide",
publisher = "Wiley Finance"
}


@article{Brenner,
author = "Brenner, Menachem and Subrahmanyan, Marti G.",
title = "A Simple Formula to Compute the Implied Standard Deviation",
pages = {80-83},
year = "2018",
month = 12
}




@article{reflexion,
author = "Lord, Roger and Koekkoek, Remmert and van Dijk, Dick",
title = "A comparison of biased simulation schemes for stochastic volatility models",
year = "2008",
month = 2
}









@article{lifted,
author = "Abi Jaber, Eduardo",
title = "Lifting the Heston model",
year = "2018",
month = 10
}



@book{ref_hanwong,
author = "Yong, J. and Zhou, X. Y.",
title = "Stochastic controls: Hamiltonian systems and HJB equations (Vol. 43)",
publisher = "Springer Science and Business Media",
year = "1999"
}



@article{Diethelm1,
title = "A Predictor-Corrector Approach for the Numerical Solution of Fractional Differential Equations",
author = "Diethelm, Kai and Ford, Neville J. and Freed, Alan D.",
year = "2002"
}

@article{Diethelm2,
title = "Detailed error analysis for a fractional Adams method",
author = "Diethelm, Kai and Ford, Neville J. and Freed, Alan D.",
year = "2004"
}

@article{Euch,
title = "The characteristic function of rough Heston models",
author = "El Euch, Omar and Rosembaum, Mathieu",
year = "2016"
}



@article{ROUGH_HESTON,
title = "Deep PPDES for rough (LOCAL) stochastic volatility",
author = "Jacquier, Antoine and Oumgari, Mugad",
year = "2020",
month = 2
}


%24


@book{Opti_Luen,
title = "Optimization by Vector Space methods",
author = "Luenberger, David G"
}




@article{convergence_psi,
title = "On the fractional Adams method. Comput. Math. Appl.",
author = "Li, C. and Tao, C.",
year = "2009"
}











